    @book{time-series-book,
         author = "Dunning, Ted",
         title = "Time series databases : new ways to store and access data",
         edition = 1,
         address = "Sebastopol, CA",
         publisher = "O'Reilly Media",
         month = "12",
         year = "2014",
         isbn = "1491914726"
    }
    
    @book{smith2003digital,
         author = "Steven W. Smith",
         title = "Digital signal processing : a practical guide for engineers and scientists",
         edition = 1,
         address = "Boston",
         publisher = "Newnes",
         month = "11",
         year = "2003",
         isbn = "075067444x"
     }
     
     @book{BigDataPlatforms,
         author = "Buyya, Rajkumar and Calheiros, Rodrigo N. and Dastjerdi, Amir Vahid",
         title = "Big Data: Principles and Paradigms",
         edition = "1",
         address = "Cambridge",
         publisher = "Morgan Kaufmann",
         month = "06",
         year = "2016",
         isbn = "0128053941"
    }

    @InProceedings{time-series-paper,
        author    = "Dmitry Namiot",
        editor    = "Leonid A. Kalinichenko and
                   Sergey Starkov",
        title     = "Time Series Databases",
        booktitle = "Selected Papers of the XVII International Conference on Data Analytics
                   and Management in Data Intensive Domains (DAMDID/RCDL 2015), Obninsk,
                   Russia, October 13-16, 2015",
        edition   = "1",
        address   = "Obninsk",
        publisher = "CEUR-WS.org",
        month     = "12",
        year      = "2015",
        volume    = "1536",
        pages     = "132--137",
        series    = "CEUR Workshop Proceedings",
        issn      = "1613-0073",
        cited =   "2019-11-26"
    }
    
    @Conference{BigTable,
        author	= "Fay Chang and Jeffrey Dean and Sanjay Ghemawat and Wilson C. Hsieh and Deborah A. Wallach and Mike Burrows and Tushar Chandra and Andrew Fikes and Robert E. Gruber",
        title	= "Bigtable: A Distributed Storage System for Structured Data",
        booktitle	= "7th {USENIX} Symposium on Operating Systems Design and Implementation (OSDI)",
        edition   = "1",
        address   = "Seattle, VA",
        publisher = "USENIX Association",
        month     = "03",
        year	= "2006",
        pages	= "205--218",
        isbn    = "1931971471"
    }
    
    @TechReport{NoSQL,
        author =        "Christof Strauch",
        title =         "NoSQL Databases",
        howpublished =  "online",
        edition =       "1",
        address =       "Stuttgart",
        institution =   "Hochshule der Medien",
        month =         "02",
        year =          "2011",
        url =           "https://christof-strauch.de/nosqldbs.pdf",
        cited =         "2019-12-23"
    }
    
    @TechReport{Influx,
        author =       "Syeda Noor Zehra Naqvi, Sofia Yfantidou",
        title =        "Time Series Databases and InfluxDB",
        howpublished =  "online",
        edition =       "1",
        address =       "Brusel",
        institution =   "Université libre de Bruxelles",
        cited =        "2019-12-28",
        year =         "2017",
        month =        "12",
        url =          "https://cs.ulb.ac.be/public/_media/teaching/influxdb_2017.pdf",
    }
    
    @TechReport{BigTableTablet,
        author =       "Lorenzo Alberton",
        title =        "NoSQL Databases: Why, what and when",
        howpublished =  "online",
        edition =       "1",
        url =          "https://www.alberton.info/talks/show/id/7",
        year =         "2011",
        month =        "2",
        cited =        "2019-12-28"
    }
    
    @TechReport{InfluxVsTimescale,
        author =       "Timescale",
        title =        "Benchmarking TimescaleDB vs. InfluxDB for Time-Series Data",
        edition =       "1",
        howpublished =  "online",
        organization =  "Timescale",
        url =          "https://assets.timescale.com/whitepapers/20190610_Timescale_WhitePaper_Benchmarking_Influx.pdf",
        cited =        "2019-12-29"
    }

    @article{gorilla,
        author    = "Tuomas Pelkonen and
                       Scott Franklin and
                       Paul Cavallaro and
                       Qi Huang and
                       Justin Meza and
                       Justin Teller and
                       Kaushik Veeraraghavan",
        title     = "Gorilla: {A} Fast, Scalable, In-Memory Time Series Database",
        journal   = "PVLDB",
        howpublished =  "online",
        edition   = "1",
        volume    = "8",
        number    = "12",
        pages     = "1816--1827",
        year      = "2015",
        url       = "http://www.vldb.org/pvldb/vol8/p1816-teller.pdf",
        doi       = "10.14778/2824032.2824078",
    }
    
    @Manual{HDFSdoku,
      author =       "Dhruba Borthakur",
      title =        "HDFS Architecture Guide",
      organization = "Apache hadoop",
      howpublished = "online",
      month =       "08",
      year =         "2019",            
      url =          "https://hadoop.apache.org/docs/r1.2.1/hdfs_design.html",
      cited =        "2019-12-03"
    }
    
    @webpage{MapReduce,
      author =       "Guru99",
      title =        "What is MapReduce? How it Works - Hadoop MapReduce Tutorial",
      howpublished = "online",
      url =          "https://www.guru99.com/introduction-to-mapreduce.html",
      cited =        "2019-12-03"
    }
    
    @webpage{batchProcessing,
      author =       "Margo Schaedel",
      title =        "Batch Processing vs. Stream Processing: What’s the Difference?",
      howpublished = "online",
      month =       "03",
      year =         "2018",  
      url =          "https://www.influxdata.com/blog/batch-processing-vs-stream-processing/",
      cited =        "2020-01-04"
    }
    
    @Manual{TimescaleDoku,
      author =       "Timescale",
      title =        "Architecture \& Concepts",
      howpublished = "online",
      url =          "https://docs.timescale.com/latest/introduction/architecture",
      cited =        "2019-12-29"
    }
    
    @webpage{rowColumn,
      author =       "Akash Kumar",
      title =        "Difference between Row oriented and Column oriented data stores in DBMS",
      howpublished = "online",
      url =          "https://www.geeksforgeeks.org/difference-between-row-oriented-and-column-oriented-data-stores-in-dbms/",
      cited =        "2019-12-29"
    }
    
    @Manual{HBase,
      author =       "ApacheHBaseTeam",
      title =        "Apache HBase ™ Reference Guide",
      organization = "Apache hadoop",
      howpublished = "online",
      url =          "https://hbase.apache.org/book.html",
      revised =      "24.3.2020",
      cited =        "2019-12-10"
    }
    
    @website{TSDBdoku,
      author =       "TheOpenTSDBAuthors",
      title =        "OpenTSDB",
      howpublished = "online",
      url =          "http://opentsdb.net/overview.html",
      cited =        "2019-12-23"
    }
    @webpage{rootMeanSquare,
      author =       "Eric W. Weisstein",
      title =        "Root-Mean-Square",
      howpublished = "online",
      url =          "http://mathworld.wolfram.com/Root-Mean-Square.html",
      cited =        "2020-02-17"
    }
    
    @Manual{accelerationEq,
      author =       "TEConnectivity",
      title =        "Converting the signal output of a dc accelerometer to acceleration (G)",
      howpublished = "online",
      url =          "https://www.te.com/content/dam/te-com/documents/sensors/global/Converting_the_Signal_Output_of_A_DC_Accelerometer_to_Acceleration_Application\%20Note.pdf",
      year =         "2018",
      cited =        "2020-02-17"
    }
    
    @techreport{rfc791,
      author = "Jon Postel",
      title = "Internet Protocol",
      howpublished = "online",
      year = "1981",
      month = "09",
      cited = "2020-02-18",
      type = "Internet Requests for Comments RFC",
      number = "791",
      url = "http://www.rfc-editor.org/rfc/rfc791.txt"
    }
    
    @Manual{rpi_doku,
      author =       "Raspberry",
      title =        "GPIO",
      organization = "Raspberry Pi Foundantion ",
      howpublished = "online",
      url =          "https://github.com/raspberrypi",
      cited =        "2020-04-06"
    }


    @webpage{tdmsFileFormat,
      author =       "NI",
      title =        "TDMS File Format Internal Structure",
      howpublished = "online",
      url =          "https://www.ni.com/cs-cz/support/documentation/supplemental/07/tdms-file-format-internal-structure.html",
      cited =        "2020-02-27"
    }
    
    @webpage{bigDataUse,
      author =       "Alex Bekker",
      title =        "Big Data in Manufacturing: Use Cases + Guide on How To Start",
      howpublished = "online",
      url =          "https://www.scnsoft.com/blog/big-data-in-manufacturing-use-cases",
      cited =        "2020-03-07",
      month =        "2",
      year =         "2020"
    }
    
    @webpage{rio,
      author =       "NI",
      title =        "CompactRIO Systems",
      howpublished = "online",
      url =          "https://www.ni.com/cs-cz/shop/compactrio.html",
      cited =        "2020-03-08",
    }
    
     @webpage{4dotchipmunk,
      author =       "4dot",
      title =        "OBRÁBĚCÍ STROJE",
      howpublished = "online",
      url =          "http://4dot.cz/obrabeci-stroje.php",
      cited =        "2020-03-08",
    }
    
    @webpage{eclipse,
      author =       "eclipse.org",
      title =        "Open Source Software for Industry 4.0",
      howpublished = "online",
      url =          "https://iot.eclipse.org/resources/white-papers/Eclipse\%20IoT\%20White\%20Paper\%20-\%20Open\%20Source\%20Software\%20for\%20Industry\%204.0.pdf",
      year =         "2017",
      cited =        "2020-03-16"
    }
    
    @webpage{vibrationData,
      author =       "imv",
      title =        "Vibration technical guide",
      howpublished = "online",
      url =          "https://www.imv.co.jp/e/pr/vibration_measuring/chapter03/#ci",
      cited =        "2020-03-16"
    }
    
    @article{iotComm,
        author = "Jaloudi, S.",
        title = "Communication Protocols of an Industrial Internet of Things Environment: A Comparative Study",
        journal = "Future Internet",
        year = "2019",
        month = "03",
        volume = "11",
        number = "03",
        doi = "10.3390/fi11030066"
}

    @webpage{grafana,
      author =       "GrafanaLabs",
      title =        "The analytics platform for all your metrics",
      url =          "https://grafana.com/grafana/",
      cited =        "2020-03-17"
    }
    
    @webpage{openssl,
      author =       "Amlendra",
      title =        "ssl server client programming using openssl in c",
      url =          "https://aticleworld.com/ssl-server-client-using-openssl-in-c/",
      cited =        "2020-04-06"
    }